<collection xmlns="http://www.loc.gov/MARC21/slim">
<record>
  <leader>01091nam0a2200181 i 450 </leader>
  <controlfield tag="001">IT\ICCU\CNCE\073716</controlfield>
  <controlfield tag="005">20090209000000.0</controlfield>
  <datafield tag="012" ind1=" " ind2=" ">
    <subfield code="a">e.ta esel g-el u-ar (C) 1590 (Q)</subfield>
    <subfield code="2">fei</subfield>
  </datafield>
  <datafield tag="100" ind1=" " ind2=" ">
    <subfield code="a">20090209f1590        0itac0103    ba</subfield>
  </datafield>
  <datafield tag="101" ind1=" " ind2=" ">
    <subfield code="a">ITA</subfield>
  </datafield>
  <datafield tag="102" ind1=" " ind2=" ">
    <subfield code="a">IT</subfield>
  </datafield>
  <datafield tag="200" ind1="1" ind2=" ">
    <subfield code="a">Sentenza del magistrato ordinario, con interuento di duoi senatori, in essecutione di lettere di S.Maest ̉d&apos;effetto che i cittadini che habitano in villa pi ̮di 20 giorni continui con la maggior parte della fameglia, da la festa di san Martino sino a calende di maggio seguente, siano tenuti pagare per tutto l&apos;anno con la communit ̉del luogo oue habitaranno il censo del sale, &amp; tutte le grauezze che si sogliono repartire sopra le persone, cosi sopra le teste, come sopra le bocche ... L&apos;essecutione di detta sentenza si comincia a s. Martino dell&apos;anno 1591. 1590 die Martis 11 mensis Decembris in tertijs</subfield>
  </datafield>
  <datafield tag="210" ind1=" " ind2=" ">
    <subfield code="d">\1590?!</subfield>
  </datafield>
  <datafield tag="215" ind1=" " ind2=" ">
    <subfield code="a">\2! c.</subfield>
    <subfield code="d">fol</subfield>
  </datafield>
  <datafield tag="710" ind1="0" ind2="2">
    <subfield code="a">Milano</subfield>
    <subfield code="c"> &lt;Ducato&gt;</subfield>
    <subfield code="3">6960</subfield>
  </datafield>
  <datafield tag="712" ind1="0" ind2="2">
    <subfield code="a">s.n.</subfield>
    <subfield code="3">IT\ICCU\CNCT\000002</subfield>
    <subfield code="4">650</subfield>
  </datafield>
  <datafield tag="801" ind1=" " ind2="3">
    <subfield code="a">IT</subfield>
    <subfield code="b">ICCU</subfield>
    <subfield code="c">20201115</subfield>
  </datafield>
  <datafield tag="899" ind1=" " ind2=" ">
    <subfield code="a">Biblioteca statale. Cremona</subfield>
    <subfield code="1">CR0062</subfield>
    <subfield code="2">LO1 28</subfield>
  </datafield>
</record>
</collection>
